@masterthesis{santos2012,
  author = {Santos, Ana Paula},
  title  = {Aplicação de práticas de usabilidade ágil em software livre},
  school = {Instituto de Matemática e Estatística da Universidade de São Paulo},
  year   = {2012}
}

@misc{iso25010,
   Key = {ISO 25010},
   type = {ISO 25010},
   title = {Systems and software engineering — Systems and software Quality Requirements and Evaluation (SQuaRE) — System and software quality models},
   number = {ISO 25010},
   year = {2010},
}

@book{cybis2010,
  title={Ergonomia e usabilidade},
  author={Cybis, Walter and BETIOL, Adriana H and FAUST, Richard},
  journal={S{\~a}o Paulo: Novatec},
  year={2010}
}

@book{lida2005,
  title={Ergonomia: projeto e produ{\c{c}}{\~a}o. 2{\textordfeminine} edi{\c{c}}{\~a}o},
  author={LIDA, Itiro},
  journal={S{\~a}o Paulo: Editora Blucher},
  year={2005}
}

@ONLINE{abergo2013,
author = {Associa{\c{c}}{\~a}o Brasileira de Ergonomia},
title = {O que é ergonomia {@ONLINE}},
month = nov,
year = {2013},
url = {http://www.abergo.org.br/}
}

@book{nielsen1994,
  title={Usability engineering},
  author={Nielsen, Jakob},
  year={1994},
  publisher={Academic Press Limited}
}

@book{shneiderman2003,
  title={Designing The User Interface: Strategies for Effective Human-Computer Interaction, 4/e (New Edition)},
  author={Shneiderman, Ben and Ben, Shneiderman},
  year={2003},
  publisher={Pearson Education India}
}

@article{bastien1993,
  title={Ergonomic criteria for the evaluation of human-computer interfaces},
  author={Bastien, JM Christian and Scapin, Dominique L and others},
  year={1993}
}

@incollection{ferreira2007,
  title={Up-front interaction design in agile development},
  author={Ferreira, Jennifer and Noble, James and Biddle, Robert},
  booktitle={Agile Processes in Software Engineering and Extreme Programming},
  pages={9--16},
  year={2007},
  publisher={Springer}
}

@article{de2000psiquiatria,
  title={Psiquiatria baseada em evid{\^e}ncias},
  author={de Limaa, Maur{\'\i}cio S and Soaresb, Bernardo GO and Bacaltchukc, Josu{\'e}},
  journal={Rev Bras Psiquiatr},
  volume={22},
  number={3},
  pages={142--6},
  year={2000},
  publisher={SciELO Brasil}
}

@article{santoskon2009,
  title={Adaptação de metodologias de usabilidade para o contexto de desenvolvimento de software livre},
  author={Santos, Ana Paula and Kon, Fabio},
  year={2009}
}

@inproceedings{lee2011,
  title={Evaluating eXtreme scenario-based design in a distributed agile team},
  author={Lee, Jason Chong and Judge, Tejinder K and McCrickard, Donald Scott},
  booktitle={PART 1----------Proceedings of the 2011 annual conference extended abstracts on Human factors in computing systems},
  pages={863--877},
  year={2011},
  organization={ACM}
}

@incollection{moreno2012,
  title={Agile User Stories Enriched with Usability},
  author={Moreno, Ana M and Yag{\"u}e, Agust{\'\i}n},
  booktitle={Agile Processes in Software Engineering and Extreme Programming},
  pages={168--176},
  year={2012},
  publisher={Springer}
}

@article{nielsen1995severity,
  title={Severity ratings for usability problems},
  author={Nielsen, Jakob},
  journal={Papers and Essays},
  year={1995}
}

@phdthesis{meirelles2013,
  title={Monitoramento de m{\'e}tricas de c{\'o}digo-fonte em projetos de software livre},
  author={Meirelles, Paulo Roberto Miranda},
  year={2013},
  school={Universidade de S{\~a}o Paulo}
}

@ONLINE{gnu2013,
author = {GNU Operating System},
title = {O que é software livre? {@ONLINE}},
month = nov,
year = {2013},
url = {http://www.gnu.org/philosophy/free-sw.en.html}
}

@book{stallman2009,
  title={Free software, free society: Selected essays of Richard M. Stallman},
  author={Stallman, Richard M and Gay, Joshua},
  year={2009},
  publisher={CreateSpace}
}

@book{schwaber2002,
  title={Agile software development with Scrum},
  author={Schwaber, Ken and Beedle, Mike},
  volume={1},
  year={2002},
  publisher={Prentice Hall Upper Saddle River}
}

@ONLINE{manifesto2013,
author = {Manifesto Ágil},
title = {Manifesto para o desenvolvimento ágil de software {@ONLINE}},
month = nov,
year = {2013},
url = {http://manifestoagil.com.br/}
}

@article{dyba2008,
  title={Empirical studies of agile software development: A systematic review},
  author={Dyb{\aa}, Tore and Dings{\o}yr, Torgeir},
  journal={Information and software technology},
  volume={50},
  number={9},
  pages={833--859},
  year={2008},
  publisher={Elsevier}
}

@book{yin2009,
  title={Case study research: Design and methods},
  author={Yin, Robert K},
  volume={5},
  year={2009},
  publisher={Sage}
}

@article{mezuro2012,
  title={Mezuro: A Source Code Tracking Platform},
  author={Meirelles, Paulo and Morais, Carlos and Martins, Rafael M and Kon, Fabio and Júnior, Carlos Santos and Maldonado, José Carlos},
  journal={CBsoft 2012},
  year={2012},
  publisher={FLOSS Competence Center – Universidade de São Paulo}
}

@ONLINE{qualipso2013,
author = {Qualipso},
title = {O Projeto Qualipso {@ONLINE}},
month = nov,
year = {2013},
url = {http://qualipso.icmc.usp.br}
}

@ONLINE{ergolist2013,
author = {Laboratório de Utilizabilidade da Informática},
title = {ErgoList - Checklist {@ONLINE}},
month = nov,
year = {2013},
url = {http://www.labiutil.inf.ufsc.br/ergolist/check.htm}
}